@inproceedings{parno2012delegate,
  title={How to delegate and verify in public: Verifiable computation from attribute-based encryption},
  author={Parno, Bryan and Raykova, Mariana and Vaikuntanathan, Vinod},
  booktitle={Theory of Cryptography Conference},
  pages={422--439},
  year={2012},
  organization={Springer}
}

@inproceedings{karchmer1993span,
  title={On span programs},
  author={Karchmer, Mauricio and Wigderson, Avi},
  booktitle={Structure in Complexity Theory Conference, 1993., Proceedings of the Eighth Annual},
  pages={102--111},
  year={1993},
  organization={IEEE}
}

@inproceedings{gennaro2013quadratic,
  title={Quadratic span programs and succinct NIZKs without PCPs},
  author={Gennaro, Rosario and Gentry, Craig and Parno, Bryan and Raykova, Mariana},
  booktitle={Annual International Conference on the Theory and Applications of Cryptographic Techniques},
  pages={626--645},
  year={2013},
  organization={Springer}
}

@inproceedings{boneh2005evaluating,
  title={Evaluating 2-DNF formulas on ciphertexts},
  author={Boneh, Dan and Goh, Eu-Jin and Nissim, Kobbi},
  booktitle={Theory of Cryptography Conference},
  pages={325--341},
  year={2005},
  organization={Springer}
}
